@misc{ELECTRON,
  key          = {Electron},
  howpublished = {\url{https://www.electronjs.org/}},
  title        = {Build cross-platform desktop apps with JavaScript, HTML, and CSS},
  year         = {Accessed: 08/09/2023}
}

@misc{RN,
  key          = {ReactNative},
  howpublished = {\url{https://reactnative.dev/}},
  title        = {React Native Learn once, write anywhere.},
  year         = {Accessed: 08/09/2023}
}

@misc{IONIC,
  key          = {Ionic},
  howpublished = {\url{https://ionicframework.com/}},
  title        = {The mobile SDK for the Web.},
  year         = {Accessed: 08/09/2023}
}

@conference{FKNODE,
  author    = {Ryan Dahl},
  title     = {10 Things I Regret About Node.js},
  booktitle = {JSConf EU 20202},
  year      = {2022}
}

@mastersthesis{TFG,
  author = {Aitor Ruiz Garcia},
  school = {Universidad de Deusto},
  title  = {Investigación y desarrollo del uso de la tecnoloía blockchain como validador de indentidades distribuidas y su aplicación en la Universidad de Deusto},
  year   = {2022}
}
@misc{NPMCOUNT,
  key          = {npm},
  howpublished = {\url{https://www.wikiwand.com/en/Npm}},
  title        = {NPM},
  year         = {Accessed: 08/09/2023}
}

@misc{BADNPM,
  author       = {Mateusz Morszczyzna},
  howpublished = {\url{https://hackernoon.com/whats-really-wrong-with-node-modules-and-why-this-is-your-fault-8ac9fa893823},},
  title        = {What's really wrong with node\_modules and why this is your fault},
  year         = {2017}
}

@misc{BADFAKER,
  author       = {Ax Sharma},
  howpublished = {\url{https://blog.sonatype.com/npm-libraries-colors-and-faker-sabotaged-in-protest-by-their-maintainer-what-to-do-now},},
  title        = {npm Libraries 'colors' and 'faker' Sabotaged in Protest by their Maintainer—What to do Now?},
  year         = {2022}
}

@misc{VERGEFAKER,
  author       = {Emma Roth},
  howpublished = {\url{https://www.theverge.com/2022/1/9/22874949/developer-corrupts-open-source-libraries-projects-affected},},
  title        = {Open source developer corrupts widely-used libraries, affecting tons of projects},
  year         = {2022}
}

@misc{NODEGYP,
  key          = {NodeGyp},
  howpublished = {\url{https://github.com/nodejs/node-gyp}},
  title        = {Node.js native addon build tool},
  year         = {2023}
}

@misc{TypeScript,
  key          = {TypeScript},
  howpublished = {\url{https://www.wikiwand.com/en/TypeScript}},
  title        = {TypeScript},
  year         = {Accessed: 08/09/2023}
}

@misc{Polyfill,
  howpublished = {\url{https://developer.mozilla.org/en-US/docs/Glossary/Polyfill}},
  title        = {MDN Web Docs Glossary: Definitions of Web-related terms - Polyfill},
  year         = {Accessed: 08/09/2023},
  key          = {Polyfill}
}

@misc{DenoSec,
  key          = {Deno},
  howpublished = {\url{https://deno.land/manual@v1.36.4/basics/permissions},},
  title        = {Deno - Permissions},
  year         = {Accessed: 08/09/2023}
}

@misc{Bundler,
  author       = {Diego Salinas Gardón},
  howpublished = {\url{https://snipcart.com/blog/javascript-module-bundler},},
  title        = {The Complete JavaScript Module Bundlers Guide},
  year         = {Accessed: 08/09/2023}
}

@misc{WASM,
  author       = {Mozilla},
  howpublished = {\url{https://developer.mozilla.org/en-US/docs/WebAssembly},},
  title        = {MDN Web Docs - WebAssembly},
  year         = {Accessed: 08/09/2023}
}

@misc{Github,
  author       = {Github},
  howpublished = {\url{https://docs.github.com/en/actions/using-github-hosted-runners/about-github-hosted-runners},},
  title        = {About GitHub-hosted runners},
  year         = {2023}
}

@misc{Bcrypt,
  key          = {Bycrypt},
  howpublished = {\url{https://www.wikiwand.com/en/Bcrypt}},
  title        = {Bcrypt},
  year         = {Accessed: 08/09/2023}
}

@article{IPFS,
  author = {Dennis Trautwein, Aravindh Raman, Gareth Tyson \dots},
  title  = {Design and Evaluation of IPFS: A Storage Layer for the Decentralized Web},
  year   = {2022}
}

@misc{WASMBAD,
  author       = {juj},
  howpublished = {\url{https://github.com/WebAssembly/design/issues/1397},},
  title        = {Wasm needs a better memory management story},
  year         = {2021}
}

@inproceedings{10101104,
  author    = {Bhardwaz, Saumyamani and Godha, Rohan},
  booktitle = {2023 2nd International Conference for Innovation in Technology (INOCON)},
  title     = {Svelte.js: The Most Loved Framework Today},
  year      = {2023},
  volume    = {},
  number    = {},
  pages     = {1-7},
  doi       = {10.1109/INOCON57975.2023.10101104}
}

@article{SvelteTS,
  author  = {Tim Anderson},
  journal = {Dev Class},
  title   = {TypeScript is 'not worth it' for developing libraries, says Svelte author, as team switches to JavaScript and JSDoc },
  year    = {2023}
}

@book{10162220,
  author    = {Grynhaus, Ben and Hudgens, Jordan and Hunte, Rayon and Morgan, Matt and Stefanovski, Vekoslav},
  booktitle = {The TypeScript Workshop: A practical guide to confident, effective TypeScript programming},
  year      = {2021},
  volume    = {},
  number    = {},
  pages     = {},
  doi       = {}
}


@book{WASMSPEC,
  author    = {WebAssembly Community Group},
  editor    = {Andreas Rossberg},
  publisher = {},
  title     = {WebAssembly Specification},
  year      = {2023}
}

@article{TurboTS,
  author  = {David Heinemeier Hansson},
  journal = {},
  number  = {},
  title   = {Turbo 8 is dropping TypeScript},
  volume  = {},
  year    = {2023}
}

@inproceedings{9793767,
  author    = {Ling, Michael and Yu, Yijun and Wu, Haitao and Wang, Yuan and Cordy, James R. and Hassan, Ahmed E.},
  booktitle = {2022 IEEE/ACM 44th International Conference on Software Engineering: Companion Proceedings (ICSE-Companion)},
  title     = {In Rust We Trust – A Transpiler from Unsafe C to Safer Rust},
  year      = {2022},
  volume    = {},
  number    = {},
  pages     = {354-355},
  doi       = {10.1145/3510454.3528640}
}
